% ------------------------------------------------------------------------
% SAMPLE BIBLIOGRAPHY FILE
% ---------------------------------------

@book{drazin2004hydrodynamic,
  title={Hydrodynamic stability},
  author={Drazin, Philip G and Reid, William Hill},
  year={2004},
  publisher={Cambridge university press}
}
% ---------------------------------------

